
@inproceedings{Fotakis:hashing,
 author = {Fotakis, Dimitris and Pagh, Rasmus and Sanders, Peter and Spirakis, Paul G.},
 title = {Space Efficient Hash Tables with Worst Case Constant Access Time},
 booktitle = {Proceedings of the 20th Annual Symposium on Theoretical Aspects of Computer Science},
 series = {STACS '03},
 year = {2003},
 isbn = {3-540-00623-0},
 pages = {271--282},
 numpages = {12},
 url = {http://dl.acm.org/citation.cfm?id=646517.696322},
 acmid = {696322},
 publisher = {Springer-Verlag},
 address = {London, UK, UK},
} 


@inproceedings{Fan:2013,
 author = {Fan, Bin and Andersen, David G. and Kaminsky, Michael},
 title = {MemC3: Compact and Concurrent MemCache with Dumber Caching and Smarter Hashing},
 booktitle = {Proceedings of the 10th USENIX Conference on Networked Systems Design and Implementation},
 series = {nsdi'13},
 year = {2013},
 location = {Lombard, IL},
 pages = {371--384},
 numpages = {14},
 url = {http://dl.acm.org/citation.cfm?id=2482626.2482662},
 acmid = {2482662},
 publisher = {USENIX Association},
 address = {Berkeley, CA, USA},
} 

@inproceedings{Yang:2015,
 author = {Yang, Jun and Wei, Qingsong and Chen, Cheng and Wang, Chundong and Yong, Khai Leong and He, Bingsheng},
 title = {NV-Tree: Reducing Consistency Cost for NVM-based Single Level Systems},
 booktitle = {Proceedings of the 13th USENIX Conference on File and Storage Technologies},
 series = {FAST'15},
 year = {2015},
 isbn = {978-1-931971-201},
 location = {Santa Clara, CA},
 pages = {167--181},
 numpages = {15},
 url = {http://dl.acm.org/citation.cfm?id=2750482.2750495},
 acmid = {2750495},
 publisher = {USENIX Association},
 address = {Berkeley, CA, USA},
} 



@inproceedings{Venkataraman:2011,
 author = {Venkataraman, Shivaram and Tolia, Niraj and Ranganathan, Parthasarathy and Campbell, Roy H.},
 title = {Consistent and Durable Data Structures for Non-volatile Byte-addressable Memory},
 booktitle = {Proceedings of the 9th USENIX Conference on File and Stroage Technologies},
 series = {FAST'11},
 year = {2011},
 isbn = {978-1-931971-82-9},
 location = {San Jose, California},
 pages = {5--5},
 numpages = {1},
 url = {http://dl.acm.org/citation.cfm?id=1960475.1960480},
 acmid = {1960480},
 publisher = {USENIX Association},
 address = {Berkeley, CA, USA},
} 

@article{Narayanan:2012,
 author = {Narayanan, Dushyanth and Hodson, Orion},
 title = {Whole-system Persistence},
 journal = {SIGPLAN Not.},
 issue_date = {April 2012},
 volume = {47},
 number = {4},
 month = mar,
 year = {2012},
 issn = {0362-1340},
 pages = {401--410},
 numpages = {10},
 url = {http://doi.acm.org/10.1145/2248487.2151018},
 doi = {10.1145/2248487.2151018},
 acmid = {2151018},
 publisher = {ACM},
 address = {New York, NY, USA},
 keywords = {NVRAM, persistence},
} 



@inproceedings{Wu:2016,
 author = {Wu, Xingbo and Ni, Fan and Zhang, Li and Wang, Yandong and Ren, Yufei and Hack, Michel and Shao, Zili and Jiang, Song},
 title = {NVMcached: An NVM-based Key-Value Cache},
 booktitle = {Proceedings of the 7th ACM SIGOPS Asia-Pacific Workshop on Systems},
 series = {APSys '16},
 year = {2016},
 isbn = {978-1-4503-4265-0},
 location = {Hong Kong, Hong Kong},
 pages = {18:1--18:7},
 articleno = {18},
 numpages = {7},
 url = {http://doi.acm.org/10.1145/2967360.2967374},
 doi = {10.1145/2967360.2967374},
 acmid = {2967374},
 publisher = {ACM},
 address = {New York, NY, USA},
} 

@inproceedings{echo,
 author = {Bailey, Katelin A. and Hornyack, Peter and Ceze, Luis and Gribble, Steven D. and Levy, Henry M.},
 title = {Exploring Storage Class Memory with Key Value Stores},
 booktitle = {Proceedings of the 1st Workshop on Interactions of NVM/FLASH with Operating Systems and Workloads},
 series = {INFLOW '13},
 year = {2013},
 isbn = {978-1-4503-2462-5},
 location = {Farmington, Pennsylvania},
 pages = {4:1--4:8},
 articleno = {4},
 numpages = {8},
 url = {http://doi.acm.org/10.1145/2527792.2527799},
 doi = {10.1145/2527792.2527799},
 acmid = {2527799},
 publisher = {ACM},
 address = {New York, NY, USA},
 keywords = {key-value store, main memory, non volatile memory, operating systems, storage system},
} 

@article{Arulraj:2016wbl,
 author = {Arulraj, Joy and Perron, Matthew and Pavlo, Andrew},
 title = {Write-behind Logging},
 journal = {Proc. VLDB Endow.},
 issue_date = {November 2016},
 volume = {10},
 number = {4},
 month = nov,
 year = {2016},
 issn = {2150-8097},
 pages = {337--348},
 numpages = {12},
 url = {https://doi.org/10.14778/3025111.3025116},
 doi = {10.14778/3025111.3025116},
 acmid = {3025116},
 publisher = {VLDB Endowment},
} 



@inproceedings{Marmol:2014,
 author = {M\'{a}rmol, Leonardo and Sundararaman, Swaminathan and Talagala, Nisha and Rangaswami, Raju and Devendrappa, Sushma and Ramsundar, Bharath and Ganesan, Sriram},
 title = {NVMKV: A Scalable and Lightweight Flash Aware Key-value Store},
 booktitle = {Proceedings of the 6th USENIX Conference on Hot Topics in Storage and File Systems},
 series = {HotStorage'14},
 year = {2014},
 location = {Philadelphia, PA},
 pages = {8--8},
 numpages = {1},
 url = {http://dl.acm.org/citation.cfm?id=2696578.2696586},
 acmid = {2696586},
 publisher = {USENIX Association},
 address = {Berkeley, CA, USA},
}

@inproceedings{Arulraj:2017,
 author = {Arulraj, Joy and Pavlo, Andrew},
 title = {How to Build a Non-Volatile Memory Database Management System},
 booktitle = {Proceedings of the 2017 ACM International Conference on Management of Data},
 series = {SIGMOD '17},
 year = {2017},
 isbn = {978-1-4503-4197-4},
 location = {Chicago, Illinois, USA},
 pages = {1753--1758},
 numpages = {6},
 url = {http://doi.acm.org/10.1145/3035918.3054780},
 doi = {10.1145/3035918.3054780},
 acmid = {3054780},
 publisher = {ACM},
 address = {New York, NY, USA},
 keywords = {database management systems, non-volatile memory},
}

@article{Burr2008,
 author = {Burr, G. W. and Kurdi, B. N. and Scott, J. C. and Lam, C. H. and Gopalakrishnan, K. and Shenoy, R. S.},
 title = {Overview of Candidate Device Technologies for Storage-class Memory},
 journal = {IBM J. Res. Dev.},
 issue_date = {July 2008},
 volume = {52},
 number = {4},
 month = jul,
 year = {2008},
 issn = {0018-8646},
 pages = {449--464},
 numpages = {16},
 url = {http://dx.doi.org/10.1147/rd.524.0449},
 doi = {10.1147/rd.524.0449},
 acmid = {1462884},
 publisher = {IBM Corp.},
 address = {Riverton, NJ, USA},
} 


@inproceedings{Li:2014ch,
 author = {Li, Xiaozhou and Andersen, David G. and Kaminsky, Michael and Freedman, Michael J.},
 title = {Algorithmic Improvements for Fast Concurrent Cuckoo Hashing},
 booktitle = {Proceedings of the Ninth European Conference on Computer Systems},
 series = {EuroSys '14},
 year = {2014},
 isbn = {978-1-4503-2704-6},
 location = {Amsterdam, The Netherlands},
 pages = {27:1--27:14},
 articleno = {27},
 numpages = {14},
 url = {http://doi.acm.org/10.1145/2592798.2592820},
 doi = {10.1145/2592798.2592820},
 acmid = {2592820},
 publisher = {ACM},
 address = {New York, NY, USA},
} 



@article{Pagh:2004,
 author = {Pagh, Rasmus and Rodler, Flemming Friche},
 title = {Cuckoo Hashing},
 journal = {J. Algorithms},
 issue_date = {May 2004},
 volume = {51},
 number = {2},
 month = may,
 year = {2004},
 issn = {0196-6774},
 pages = {122--144},
 numpages = {23},
 url = {http://dx.doi.org/10.1016/j.jalgor.2003.12.002},
 doi = {10.1016/j.jalgor.2003.12.002},
 acmid = {1006426},
 publisher = {Academic Press, Inc.},
 address = {Duluth, MN, USA},
 keywords = {data structures, dictionaries, experiments, hashing, information retrieval, searching},
} 




@article{Debnath:2016ht,
 author = {Debnath, Biplob and Haghdoost, Alireza and Kadav, Asim and Khatib, Mohammed G. and Ungureanu, Cristian},
 title = {Revisiting Hash Table Design for Phase Change Memory},
 journal = {SIGOPS Oper. Syst. Rev.},
 issue_date = {December 2015},
 volume = {49},
 number = {2},
 month = jan,
 year = {2016},
 issn = {0163-5980},
 pages = {18--26},
 numpages = {9},
 url = {http://doi.acm.org/10.1145/2883591.2883597},
 doi = {10.1145/2883591.2883597},
 acmid = {2883597},
 publisher = {ACM},
 address = {New York, NY, USA},
} 


@article{bhandari2012implications,
  title={Implications of CPU caching on byte-addressable non-volatile memory programming},
  author={Bhandari, Kumud and Chakrabarti, Dhruva R and Boehm, Hans-J},
  journal={Hewlett-Packard, Tech. Rep. HPL-2012-236},
  year={2012}
}


@article{wong2010phase,
  title={Phase change memory},
  author={Wong, H-S Philip and Raoux, Simone and Kim, SangBum and Liang, Jiale and Reifenberg, John P and Rajendran, Bipin and Asheghi, Mehdi and Goodson, Kenneth E},
  journal={Proceedings of the IEEE},
  volume={98},
  number={12},
  pages={2201--2227},
  year={2010},
  publisher={IEEE}
}

@misc{intel3dxpoint,
	title={Intel and Micron Produce Breakthrough Memory Technology},
	author={Intel Newsroom},
	year={2015},
	month={July},
	publisher={Intel},
	note={\url{https://newsroom.intel.com/news-releases/intel-and-micron-produce-breakthrough-memory-technology/}},
}

@inproceedings{Jayakumar2014powering,
 author = {Jayakumar, Hrishikesh and Lee, Kangwoo and Lee, Woo Suk and Raha, Arnab and Kim, Younghyun and Raghunathan, Vijay},
 title = {Powering the Internet of Things},
 booktitle = {Proceedings of the 2014 International Symposium on Low Power Electronics and Design},
 series = {ISLPED '14},
 year = {2014},
 isbn = {978-1-4503-2975-0},
 location = {La Jolla, California, USA},
 pages = {375--380},
 numpages = {6},
 url = {http://doi.acm.org/10.1145/2627369.2631644},
 doi = {10.1145/2627369.2631644},
 acmid = {2631644},
 publisher = {ACM},
 address = {New York, NY, USA},
} 



@ARTICLE{sttram,
author={t. kawahara},
journal={IEEE Design and Test of Computers},
title={Scalable Spin-Transfer Torque RAM Technology for Normally-Off Computing},
year={2011},
volume={28},
number={1},
pages={52-63},
doi={10.1109/MDT.2010.97},
ISSN={0740-7475},
month={Jan},}

@article{fox:2001feram,
  title={Current and future ferroelectric nonvolatile memory technology},
  author={Fox, GR and Chu, F and Davenport, T},
  journal={Journal of Vacuum Science \& Technology B: Microelectronics and Nanometer Structures Processing, Measurement, and Phenomena},
  volume={19},
  number={5},
  pages={1967--1971},
  year={2001},
  publisher={AVS}
}


@misc{aslr,
	title={Address Space Layout Randomization},
	author={{{PaX} Team}},
	year={2001},
	note={\url{https://pax.grsecurity.net/docs/aslr.txt}},
}


