
@article{xiangyu_dong_nvsim:_2012,
	title = {{NVSim}: {A} {Circuit}-{Level} {Performance}, {Energy}, and {Area} {Model} for {Emerging} {Nonvolatile} {Memory}},
	volume = {31},
	issn = {0278-0070, 1937-4151},
	shorttitle = {{NVSim}},
	url = {http://ieeexplore.ieee.org/document/6218223/},
	doi = {10.1109/TCAD.2012.2185930},
	number = {7},
	urldate = {2018-03-05},
	journal = {IEEE Transactions on Computer-Aided Design of Integrated Circuits and Systems},
	author = {{Xiangyu Dong} and {Cong Xu} and {Yuan Xie} and Jouppi, N. P.},
	month = jul,
	year = {2012},
	pages = {994--1007},
	file = {06218223.pdf:/Users/Matt/Zotero/storage/GNCMYAAU/06218223.pdf:application/pdf}
}

@inproceedings{poremba_nvmain:_2012,
	title = {{NVMain}: {An} {Architectural}-{Level} {Main} {Memory} {Simulator} for {Emerging} {Non}-volatile {Memories}},
	isbn = {978-1-4673-2234-8 978-0-7695-4767-1},
	shorttitle = {{NVMain}},
	url = {http://ieeexplore.ieee.org/document/6296505/},
	doi = {10.1109/ISVLSI.2012.82},
	urldate = {2018-03-05},
	publisher = {IEEE},
	author = {Poremba, Matt and Xie, Yuan},
	month = aug,
	year = {2012},
	pages = {392--397},
	file = {06296505.pdf:/Users/Matt/Zotero/storage/JEJH86QH/06296505.pdf:application/pdf}
}

@inproceedings{chen_aos:_2016,
	title = {{AOS}: adaptive overwrite scheme for energy-efficient {MLC} {STT}-{RAM} cache},
	isbn = {978-1-4503-4236-0},
	shorttitle = {{AOS}},
	url = {http://dl.acm.org/citation.cfm?doid=2897937.2897987},
	doi = {10.1145/2897937.2897987},
	language = {en},
	urldate = {2018-03-05},
	publisher = {ACM Press},
	author = {Chen, Xunchao and Khoshavi, Navid and Zhou, Jian and Huang, Dan and DeMara, Ronald F. and Wang, Jun and Wen, Wujie and Chen, Yiran},
	year = {2016},
	pages = {1--6},
	file = {07544411.pdf:/Users/Matt/Zotero/storage/CF5SQKFP/07544411.pdf:application/pdf}
}

@inproceedings{cho_flip-n-write:_2009,
	title = {Flip-{N}-{Write}: a simple deterministic technique to improve {PRAM} write performance, energy and endurance},
	shorttitle = {Flip-{N}-{Write}},
	booktitle = {Proceedings of the 42nd {Annual} {IEEE}/{ACM} {International} {Symposium} on {Microarchitecture}},
	publisher = {ACM},
	author = {Cho, Sangyeun and Lee, Hyunjin},
	year = {2009},
	pages = {347--357},
	file = {p347-cho.pdf:/Users/Matt/Zotero/storage/X3CE3HYH/p347-cho.pdf:application/pdf}
}

@inproceedings{lee_architecting_2009,
	title = {Architecting phase change memory as a scalable dram alternative},
	volume = {37},
	booktitle = {{ACM} {SIGARCH} {Computer} {Architecture} {News}},
	publisher = {ACM},
	author = {Lee, Benjamin C. and Ipek, Engin and Mutlu, Onur and Burger, Doug},
	year = {2009},
	pages = {2--13},
	file = {p2-lee.pdf:/Users/Matt/Zotero/storage/QS6WH4S3/p2-lee.pdf:application/pdf}
}

@inproceedings{dhiman_pdram:_2009,
	title = {{PDRAM}: {A} hybrid {PRAM} and {DRAM} main memory system},
	shorttitle = {{PDRAM}},
	booktitle = {Design {Automation} {Conference}, 2009. {DAC}'09. 46th {ACM}/{IEEE}},
	publisher = {IEEE},
	author = {Dhiman, Gaurav and Ayoub, Raid and Rosing, Tajana},
	year = {2009},
	pages = {664--669},
	file = {05227100.pdf:/Users/Matt/Zotero/storage/EG9Q2JFW/05227100.pdf:application/pdf}
}

@inproceedings{poddar_mesap:_2017,
	title = {{MeSAP}: {A} fast analytic power model for {DRAM} memories},
	shorttitle = {{MeSAP}},
	booktitle = {Proceedings of the {Conference} on {Design}, {Automation} \& {Test} in {Europe}},
	publisher = {European Design and Automation Association},
	author = {Poddar, Sandeep and Jongerius, Rik and Fiorin, Leandro and Mariani, Giovanni and Dittmann, Gero and Anghel, Andreea and Corporaal, Henk},
	year = {2017},
	pages = {49--54},
	file = {07926957.pdf:/Users/Matt/Zotero/storage/X6NJQIZ3/07926957.pdf:application/pdf}
}

@inproceedings{bonnet_flash_2011,
	title = {Flash {Device} {Support} for {Database} {Management}.},
	booktitle = {{CIDR}},
	author = {Bonnet, Philippe and Bouganim, Luc},
	year = {2011},
	pages = {1--8},
	file = {CIDR11_Paper3.pdf:/Users/Matt/Zotero/storage/274A2R8A/CIDR11_Paper3.pdf:application/pdf}
}

@article{qureshi_scalable_2009,
	title = {Scalable high performance main memory system using phase-change memory technology},
	volume = {37},
	number = {3},
	journal = {ACM SIGARCH Computer Architecture News},
	author = {Qureshi, Moinuddin K. and Srinivasan, Vijayalakshmi and Rivers, Jude A.},
	year = {2009},
	pages = {24--33},
	file = {p24-qureshi.pdf:/Users/Matt/Zotero/storage/T6GQWUKM/p24-qureshi.pdf:application/pdf}
}

@inproceedings{bedeschi_8mb_2004,
	title = {An 8Mb demonstrator for high-density 1.8 {V} phase-change memories},
	booktitle = {{VLSI} {Circuits}, 2004. {Digest} of {Technical} {Papers}. 2004 {Symposium} on},
	publisher = {IEEE},
	author = {Bedeschi, F. and Resta, C. and Khouri, O. and Buda, E. and Costa, L. and Ferraro, M. and Pellizzer, F. and Ottogalli, F. and Pirovano, A. and Tosi, M.},
	year = {2004},
	pages = {442--445},
	file = {01346644.pdf:/Users/Matt/Zotero/storage/7UKG9T6C/01346644.pdf:application/pdf}
}

@inproceedings{bonnet_flash_2011-1,
	title = {Flash {Device} {Support} for {Database} {Management}.},
	booktitle = {{CIDR}},
	author = {Bonnet, Philippe and Bouganim, Luc},
	year = {2011},
	pages = {1--8},
	file = {CIDR11_Paper3.pdf:/Users/Matt/Zotero/storage/EK4UXTZR/CIDR11_Paper3.pdf:application/pdf}
}

@article{Chen_rethinkingdatabase,
	journal = {5th Biennial Conference on Innovative Data Systems Research},
	pages = {21-31},
    author = {Shimin Chen and Phillip B. Gibbons and Suman Nath},
    title = {Rethinking Database Algorithms for Phase Change Memory},
    year = {2011},
	month={January},
	url={https://www.microsoft.com/en-us/research/publication/rethinking-database-algorithms-for-phase-change-memory/},
}

@inproceedings{qureshi:micro09,
	author = {Moinuddin K. Qureshi and John Karidis and Michele Franceschini and Vijayalakshmi Srinivasan
             and Luis Lastras and Bulent Abali},
	title = {Enhancing Lifetime and Security of PCM-Based Main Memory with Start-Gap Wear Leveling},
	booktitle = {Proceedings of the 42nd Annual IEEE/ACM International Symposium on Microarchitecture (MICRO '09)},
	year = {2009},
}

